%%%%%%%%%%%%%%%%%%%%%%%%%%%%%%%%%%%%
%
% R E F E R E N C E S
%
%%%%%%%%%%%%%%%%%%%%%%%%%%%%%%%%%%%%%

@book{conway96,
  author = "John H. Conway and Richard K. Guy",
  title = "The Book of Numbers",
  publisher = "Copernicus, Springer-Verlag", 
  isbn = "0--387--97993--X",
  year = 1996
}

@book{press92,
  author = {W. H. Press and S. A. Teukolsky and W. T. Vetterling and B. P. Flannery},
  title = {Numerical Recipes in C: The Art of Scientific Computing},
  year = {1992},
  isbn = {0521437148},
  publisher = {Cambridge University Press},
  address = {New York, NY, USA}
}

@article{schrijver89,
  author    = {A. Schrijver},
  title     = {The Klein Bottle and Multicommodity Flows},
  journal   = {Combinatorica},
  volume    = {9},
  number    = {4},
  year      = {1989},
  pages     = {375-384}
}


}
